<?xml version="1.0" encoding="UTF-8"?><collection xmlns="http://www.loc.gov/MARC21/slim"><record><leader>00555nam--2200205-i-4500</leader><controlfield tag="001">000009136</controlfield><controlfield tag="002">20161230</controlfield><controlfield tag="005">20161230201028</controlfield><controlfield tag="008">060222s1000------------r-----000-0-eng-d</controlfield><datafield ind1=" " ind2=" " tag="040"><subfield code="a">IFIN-HH</subfield></datafield><datafield ind1=" " ind2=" " tag="041"><subfield code="a">ENG</subfield></datafield><datafield ind1=" " ind2=" " tag="080"><subfield code="a">519</subfield></datafield><datafield ind1="1" ind2=" " tag="100"><subfield code="a">Beckmann, Petr</subfield></datafield><datafield ind1="1" ind2="0" tag="245"><subfield code="a">Elements of applied probability theory</subfield><subfield code="c">Petr beckmann</subfield></datafield><datafield ind1=" " ind2=" " tag="260"><subfield code="a">New York, Harcourt, Brace &amp; World, Inc.,1968</subfield></datafield><datafield ind1=" " ind2=" " tag="300"><subfield code="a">VI + 189 P</subfield></datafield><datafield ind1=" " ind2=" " tag="490"><subfield code="a">Harbrace Series In Electrical Engineering</subfield></datafield><datafield ind1=" " ind2=" " tag="650"><subfield code="a">Probability</subfield></datafield><datafield ind1=" " ind2=" " tag="852"><subfield code="a">31835</subfield><subfield code="c">519.2</subfield></datafield><datafield ind1=" " ind2=" " tag="CAT"><subfield code="a">Sys</subfield><subfield code="c">20100525</subfield><subfield code="h">095755</subfield></datafield></record></collection>